@Misc{OpenToronto2024,
  title = {Non-Regulated Lead Sample},
  author = {{Open Toronto}},
  year = {2024},
  howpublished = {Open Data Dataset},
  address = {Toronto},
  url = {https://open.toronto.ca/dataset/non-regulated-lead-sample/},
}

@Manual{RCoreTeam2022,
  title = {R: A Language and Environment for Statistical Computing},
  author = {{R Core Team}},
  organization = {R Foundation for Statistical Computing},
  address = {Vienna, Austria},
  year = {2022},
  url = {https://www.R-project.org/},
}

@Article{Wickham2019,
  title = {Welcome to the {tidyverse}},
  author = {Hadley Wickham and others},
  year = {2019},
  journal = {Journal of Open Source Software},
  volume = {4},
  number = {43},
  pages = {1686},
  doi = {10.21105/joss.01686},
}

@Manual{Lahman2020,
  title = {Lahman: Sean `Lahman' Baseball Database},
  author = {Michael Friendly and others},
  year = {2020},
  note = {R package version 8.0-0},
  url = {https://CRAN.R-project.org/package=Lahman},
}

@Article{Gebru2021,
  title = {Datasheets for datasets},
  author = {Timnit Gebru and others},
  journal = {Communications of the ACM},
  volume = {64},
  number = {12},
  pages = {86--92},
  year = {2021},
  publisher = {ACM New York, NY, USA}
}

@Misc{rstanarm2022,
  title = {rstanarm: {Bayesian} applied regression modeling via {Stan}},
  author = {Ben Goodrich and others},
  note = {R package version 2.21.3},
  year = {2022},
  url = {https://mc-stan.org/rstanarm/},
}

@Manual{HillGorman2020,
  title = {Palmerpenguins: Palmer Archipelago (Antarctica) Penguin Data},
  author = {Alison Presmanes Hill and Kristen B Gorman},
  year = {2020},
  url = {https://doi.org/10.5281/zenodo.3960218},
}

@Book{Wickham2016,
  title = {ggplot2: Elegant Graphics for Data Analysis},
  author = {Hadley Wickham},
  year = {2016},
  publisher = {Springer-Verlag New York},
  url = {https://ggplot2.tidyverse.org},
}

@Manual{Xie2023,
  title = {knitr: A General-Purpose Package for Dynamic Report Generation in R},
  author = {Yihui Xie},
  year = {2023},
  url = {https://yihui.org/knitr/},
}

